@article{Mangano:2005cc,
      author         = "Mangano, Gianpiero and Miele, Gennaro and Pastor, Sergio
                        and Pinto, Teguayco and Pisanti, Ofelia and Serpico, Pasquale",
      title          = "{Relic neutrino decoupling including flavor
                        oscillations}",
      journal        = "Nucl.Phys.",
      volume         = "B729",
      pages          = "221-234",
      doi            = "10.1016/j.nuclphysb.2005.09.041",
      year           = "2005",
%      eprint         = "hep-ph/0506164",
      archivePrefix  = "arXiv",
      primaryClass   = "hep-ph",
      reportNumber   = "DSF-16-2005, IFIC-05-17, MPP-2005-36",
      SLACcitation   = "%%CITATION = HEP-PH/0506164;%%",
}

@book{bernstein2004kinetic,
  title={Kinetic Theory in the Expanding Universe},
  author={Bernstein, J.},
  isbn={9780521607469},
  lccn={2005277507},
  series={Cambridge Monographs on Mathematical Physics},
  url={https://books.google.com/books?id=\_Qlctv3LV2sC},
  year={2004},
  publisher={Cambridge University Press}
}


@article{Rodriguez2014261,
author = "G. Rodriguez",
title = "Measurement of the ultra high energy cosmic ray energy spectrum with the Pierre Auger Observatory ",
journal = "Nuclear Instruments and Methods in Physics Research Section A: Accelerators, Spectrometers, Detectors and Associated Equipment ",
volume = "742",
number = "0",
pages = "261 - 264",
year = "2014",
note = "4th Roma International Conference on Astroparticle Physics ",
issn = "0168-9002",
doi = "http://dx.doi.org/10.1016/j.nima.2013.11.032",
% url = "http://www.sciencedirect.com/science/article/pii/S0168900213015714",
keywords = "Ultrahigh energy cosmic rays",
keywords = "Energy spectrum",
keywords = "\{GZK\} cutoff",
keywords = "Pierre Auger Observatory "
}

@book{Letessier:2002gp,
  title={Hadrons and Quark--Gluon Plasma},
  author={Letessier, J. and Rafelski, J.},
  isbn={9781139433037},
  series={Cambridge Monographs on Particle Physics, Nuclear Physics and Cosmology},
  url={https://books.google.com/books?id=SAlbKkdor1gC},
  year={2002},
  publisher={Cambridge University Press}
}


@article{Philipsen:2012nu,
      author         = "Philipsen, Owe",
      title          = "{The QCD equation of state from the lattice}",
      journal        = "Prog.Part.Nucl.Phys.",
      volume         = "70",
      pages          = "55-107",
      doi            = "10.1016/j.ppnp.2012.09.003",
      year           = "2013",
      eprint         = "1207.5999",
      archivePrefix  = "arXiv",
      primaryClass   = "hep-lat",
      SLACcitation   = "%%CITATION = ARXIV:1207.5999;%%",
}



@article{Rafelski:1982ii,
      author         = "Rafelski, Johann",
      title          = "{Formation and Observables of the Quark-Gluon Plasma}",
      journal        = "Phys.Rept.",
      volume         = "88",
      pages          = "331",
      year           = "1982",
      reportNumber   = "UFTP-80-1982",
      SLACcitation   = "%%CITATION = PRPLC,88,331;%%",
}

@article{Jacak:2012dx,
      author         = "Jacak, Barbara V. and Muller, Berndt",
      title          = "{The exploration of hot nuclear matter}",
      journal        = "Science",
      volume         = "337",
      pages          = "310-314",
      doi            = "10.1126/science.1215901",
      year           = "2012",
      SLACcitation   = "%%CITATION = SCIEA,337,310;%%",
}

@article{Kronfeld:2012ym,
  author         = "Kronfeld, A.S."
      title          = "{Lattice Gauge Theory and the Origin of Mass}",
  journal        = " arXiv:1209.3468"

@article{Hagedorn:1984hz,
      author         = "Hagedorn, R.",
      title          = "{How We Got to {QCD} Matter From the Hadron Side by Trial
                        and Error}",
      journal        = "Lect.Notes Phys.",
      volume         = "221",
      pages          = "53-76",
      year           = "1985",
      reportNumber   = "CERN-TH-3918/84",
      SLACcitation   = "%%CITATION = LNPHA,221,53;%%",
}

@article{Rafelski:2013qeu,
      author         = "Rafelski, Johann",
      title          = "{Connecting QGP-Heavy Ion Physics to the Early Universe}",
      journal        = "Nucl.Phys.Proc.Suppl.",
      volume         = "243-244",
      pages          = "155-162",
      doi            = "10.1016/j.nuclphysbps.2013.09.017",
      year           = "2013",
      eprint         = "1306.2471",
      archivePrefix  = "arXiv",
      primaryClass   = "astro-ph.CO",
      SLACcitation   = "%%CITATION = ARXIV:1306.2471;%%",
}

@article{Fromerth:2012fe,
      author         = "Fromerth, Michael J. and Kuznetsova, Inga and Labun,
                        Lance and Letessier, Jean and Rafelski, Jan",
      title          = "{From Quark-Gluon Universe to Neutrino Decoupling:
                        200<T<2MeV}",
      journal        = "Acta Phys.Polon.",
      number         = "12",
      volume         = "B43",
      pages          = "2261-2284",
      doi            = "10.5506/APhysPolB.43.2261",
      year           = "2012",
      eprint         = "1211.4297",
      archivePrefix  = "arXiv",
      primaryClass   = "nucl-th",
      SLACcitation   = "%%CITATION = ARXIV:1211.4297;%%",
}

@article{Lello:2014yha,
      author         = "Lello, Louis and Boyanovsky, Daniel",
      title          = "{Cosmological Implications of Light Sterile Neutrinos
                        produced after the QCD Phase Transition}",
      year           = "2014",
      eprint         = "1411.2690",
      archivePrefix  = "arXiv",
      primaryClass   = "astro-ph.CO",
      SLACcitation   = "%%CITATION = ARXIV:1411.2690;%%",
}

@article{Bonati:2013hsa,
       author         = "Bonati, Claudio and Cossu, Guido and D'Elia, Massimo and
                         Mariti, Marco and Negro, Francesco",
       title          = "{Effective $\theta$ term by CP-odd electromagnetic
                         background fields}",
       journal        = "PoS",
       volume         = "LATTICE2013",
       pages          = "360",
       year           = "2013",
%       eprint         = "1312.2805",
       archivePrefix  = "arXiv",
       primaryClass   = "hep-lat",
       SLACcitation   = "%%CITATION = ARXIV:1312.2805;%%",
 }



 @article{D'Elia:2012zw,
       author         = "D'Elia, Massimo and Mariti, Marco and Negro, Francesco",
       title          = "{Susceptibility of the QCD vacuum to CP-odd
                         electromagnetic background fields}",
       journal        = "Phys.Rev.Lett.",
       volume         = "110",
       pages          = "082002",
       doi            = "10.1103/PhysRevLett.110.082002",
       year           = "2013",
%       eprint         = "1209.0722",
       archivePrefix  = "arXiv",
       primaryClass   = "hep-lat",
       reportNumber   = "IFUP-TH-2012-16",
       SLACcitation   = "%%CITATION = ARXIV:1209.0722;%%",
 }


@article{PhysRev.100.1009,
  title = {Coulomb Scattering of Electrons at Very Small Angles},
  author = {Moravcsik, Michael J.},
  journal = {Phys. Rev.},
  volume = {100},
  issue = {4},
  pages = {1009--1012},
  numpages = {0},
  year = {1955},
  month = {Nov},
  publisher = {American Physical Society},
  doi = {10.1103/PhysRev.100.1009},
  url = {http://link.aps.org/doi/10.1103/PhysRev.100.1009}
}


@article{Horandel2004241,
author = "Jorg R. Horandel",
title = "Models of the knee in the energy spectrum of cosmic rays ",
journal = "Astroparticle Physics ",
volume = "21",
number = "3",
pages = "241 - 265",
year = "2004",
note = "",
%issn = "0927-6505",
doi = "http://dx.doi.org/10.1016/j.astropartphys.2004.01.004",
%url = "http://www.sciencedirect.com/science/article/pii/S0927650504000209",
keywords = "Cosmic rays",
keywords = "Acceleration",
keywords = "Propagation",
keywords = "Energy spectrum",
keywords = "Knee",
keywords = "Mass composition "
}



@article{Aab:2014aea,
      author         = "Aab, A. and others",
      title          = "{Depth of Maximum of Air-Shower Profiles at the Pierre
                        Auger Observatory: Composition Implications}",
      collaboration  = "Pierre Auger Collaboration",
      journal        = "Phys.Rev.D",
      year           = "2014",
%      eprint         = "1409.5083",
      archivePrefix  = "arXiv",
      primaryClass   = "astro-ph.HE",
      reportNumber   = "FERMILAB-PUB-14-347-AD-AE-CD-TD",
      SLACcitation   = "%%CITATION = ARXIV:1409.5083;%%",
}

@article{14PDG,
  author={K.A. Olive and Particle Data Group},
  title={Review of Particle Physics},
  journal={Chinese Physics C},
  volume={38},
  number={9},
  pages={090001},
%  url={http://stacks.iop.org/1674-1137/38/i=9/a=090001},
  year={2014}
}
	

@article{Birrell:2014qna,
      author         = "Birrell, Jeremiah and Rafelski, Johann",
      title          = "{Spectra and Drag Force of Free-Streaming Massive Relic
                        Neutrinos}",
      year           = "2014",
      eprint         = "1402.3409",
      archivePrefix  = "arXiv",
      primaryClass   = "hep-ph",
      SLACcitation   = "%%CITATION = ARXIV:1402.3409;%%",
}

%@article{PhysRevD.26.2694,
%  title = {Primordial nucleosynthesis including radiative, Coulomb, and finite-temperature corrections to weak rates},
%  author = {Dicus, Duane A. and Kolb, Edward W. and Gleeson, A. M. and Sudarshan, E. C. G. and Teplitz, Vigdor L. and Turner, Michael S.},
%  journal = {Phys. Rev. D},
%  volume = {26},
%  issue = {10},
%  pages = {2694--2706},
%  numpages = {0},
%  year = {1982},
%  month = {Nov},
%  publisher = {American Physical Society},
%  doi = {10.1103/PhysRevD.26.2694},
%  url = {http://link.aps.org/doi/10.1103/PhysRevD.26.2694}
%}
@article{Dicus:1982bz,
      author         = "Dicus, Duane A. and Kolb, Edward W. and Gleeson, A.M. and
                        Sudarshan, E.C.G. and Teplitz, Vigdor L. and others",
      title          = "{Primordial Nucleosynthesis Including Radiative, Coulomb,
                        and Finite Temperature Corrections to Weak Rates}",
      journal        = "Phys.Rev.",
      volume         = "D26",
      pages          = "2694",
      year           = "1982",
  month = {Nov},
  numpages = {13},
      doi            = "10.1103/PhysRevD.26.2694",
%  url = {http://link.aps.org/doi/10.1103/PhysRevD.26.2694}
      reportNumber   = "LA-UR-82-1553, EFI-82-25-CHICAGO, DOE-ER-03992-494",
      SLACcitation   = "%%CITATION = PHRVA,D26,2694;%%",
}

@article{Zhang:2014nta,
      author         = "Zhang, Jing-Fei and Li, Yun-He and Zhang, Xin",
      title          = "{Cosmological constraints on neutrinos after BICEP2}",
      year           = "2014",
      eprint         = "1404.3598",
      archivePrefix  = "arXiv",
      primaryClass   = "astro-ph.CO",
      SLACcitation   = "%%CITATION = ARXIV:1404.3598;%%",
}


@article{Kuzmin:1985mm,
      author         = "Kuzmin, V.A. and Rubakov, V.A. and Shaposhnikov, M.E.",
      title          = "{On the Anomalous Electroweak Baryon Number
                        Nonconservation in the Early Universe}",
      journal        = "Phys.Lett.",
      volume         = "B155",
      pages          = "36",
      doi            = "10.1016/0370-2693(85)91028-7",
      year           = "1985",
      reportNumber   = "IC/85/8",
      SLACcitation   = "%%CITATION = PHLTA,B155,36;%%",
}



@article{Abazajian:2012ys,
      author         = "Abazajian, K.N. and Acero, M.A. and Agarwalla, S.K. and
                        Aguilar-Arevalo, A.A. and Albright, C.H. and others",
      title          = "{Light Sterile Neutrinos: A White Paper}",
      year           = "2012",
      eprint         = "1204.5379",
      archivePrefix  = "arXiv",
      primaryClass   = "hep-ph",
      reportNumber   = "FERMILAB-PUB-12-881-PPD",
      SLACcitation   = "%%CITATION = ARXIV:1204.5379;%%",
}
@article{Giusarma:2014zza,
      author         = "Giusarma, Elena and Di Valentino, Eleonora and Lattanzi,
                        Massimiliano and Melchiorri, Alessandro and Mena, Olga",
      title          = "{Relic Neutrinos, thermal axions and cosmology in early
                        2014}",
      year           = "2014",
      eprint         = "1403.4852",
      archivePrefix  = "arXiv",
      primaryClass   = "astro-ph.CO",
      SLACcitation   = "%%CITATION = ARXIV:1403.4852;%%",
}

@article{Bazavov:2014pvz,
      author         = "Bazavov, A. and others",
      title          = "{Equation of state in ( 2+1 )-flavor QCD}",
      collaboration  = "HotQCD Collaboration",
      journal        = "Phys.Rev.",
      number         = "9",
      volume         = "D90",
      pages          = "094503",
      doi            = "10.1103/PhysRevD.90.094503",
      year           = "2014",
      eprint         = "1407.6387",
      archivePrefix  = "arXiv",
      primaryClass   = "hep-lat",
      reportNumber   = "BNL-105928-2014-JA",
      SLACcitation   = "%%CITATION = ARXIV:1407.6387;%%",
}

@article{Steigman:2013yua,
      author         = "Steigman, Gary",
      title          = "{Equivalent Neutrinos, Light WIMPs, and the Chimera of
                        Dark Radiation}",
      journal        = "Phys.Rev.",
      number         = "10",
      volume         = "D87",
      pages          = "103517",
      doi            = "10.1103/PhysRevD.87.103517",
      year           = "2013",
%     eprint         = "1303.0049",
      archivePrefix  = "arXiv",
      primaryClass   = "astro-ph.CO",
      SLACcitation   = "%%CITATION = ARXIV:1303.0049;%%",
}

@book{letessier2002hadrons,
  title={Hadrons and Quark--Gluon Plasma},
  author={Letessier, J. and Rafelski, J.},
  isbn={9781139433037},
  series={Cambridge Monographs on Particle Physics, Nuclear Physics and Cosmology},
  url={http://books.google.com/books?id=SAlbKkdor1gC},
  year={2002},
  publisher={Cambridge University Press}
}


@article{Steigman:2014pfa,
      author         = "Steigman, Gary and Nollett, Kenneth M.",
      title          = "{Light WIMPs, Equivalent Neutrinos, BBN, and the CMB}",
      year           = "2014",
      eprint         = "1401.5488",
      archivePrefix  = "arXiv",
      primaryClass   = "astro-ph.CO",
      SLACcitation   = "%%CITATION = ARXIV:1401.5488;%%",
}

@article{Anchordoqui:2011nh,
      author         = "Anchordoqui, Luis Alfredo and Goldberg, Haim",
      title          = "{Neutrino cosmology after WMAP 7-Year data and LHC first
                        Z' bounds}",
      journal        = "Phys.Rev.Lett.",
      volume         = "108",
      pages          = "081805",
      doi            = "10.1103/PhysRevLett.108.081805",
      year           = "2012",
%      eprint         = "1111.7264",
      archivePrefix  = "arXiv",
      primaryClass   = "hep-ph",
      SLACcitation   = "%%CITATION = ARXIV:1111.7264;%%",
}

@article{Anchordoqui:2012qu,
      author         = "Anchordoqui, Luis A. and Goldberg, Haim and Steigman,
                        Gary",
      title          = "{Right-Handed Neutrinos as the Dark Radiation: Status and
                        Forecasts for the LHC}",
      journal        = "Phys.Lett.",
      volume         = "B718",
      pages          = "1162-1165",
      doi            = "10.1016/j.physletb.2012.12.019",
      year           = "2013",
%      eprint         = "1211.0186",
      archivePrefix  = "arXiv",
      primaryClass   = "hep-ph",
      SLACcitation   = "%%CITATION = ARXIV:1211.0186;%%",
}

@article{Borsanyi:2013bia,
      author         = "Borsanyi, Szabocls and Fodor, Zoltan and Hoelbling,
                        Christian and Katz, Sandor D. and Krieg, Stefan and
                        others",
      title          = "{Full result for the QCD equation of state with 2+1
                        flavors}",
      journal        = "Phys.Lett.",
      volume         = "B730",
      pages          = "99-104",
      doi            = "10.1016/j.physletb.2014.01.007",
      year           = "2014",
%      eprint         = "1309.5258",
      archivePrefix  = "arXiv",
      primaryClass   = "hep-lat",
      SLACcitation   = "%%CITATION = ARXIV:1309.5258;%%",
}

@article{Demianski:2014vsa,
      author         = "Demianski, M. and Doroshkevich, A.",
      title          = "{Beyond the $\Lambda$CDM cosmology: complex composition
                        of dark matter}",
      year           = "2014",
      eprint         = "1404.3362",
      archivePrefix  = "arXiv",
      primaryClass   = "astro-ph.CO",
      SLACcitation   = "%%CITATION = ARXIV:1404.3362;%%",
}




@article{Planck,
      author         = "Ade, P.A.R. and others",
      title          = "{Planck 2013 results. XVI. Cosmological parameters}",
      collaboration  = "Planck Collaboration",
      journal        = "Astron.Astrophys.",
      volume         = "571",
      pages          = "A16",
      doi            = "10.1051/0004-6361/201321591",
      year           = "2014",
      eprint         = "1303.5076",
      archivePrefix  = "arXiv",
      primaryClass   = "astro-ph.CO",
      SLACcitation   = "%%CITATION = ARXIV:1303.5076;%%",
}


@article{Coleman:2003hs,
      author         = "Coleman, Thomas S. and Roos, Matts",
      title          = "{Effective degrees of freedom during the radiation era}",
      journal        = "Phys.Rev.",
      volume         = "D68",
      pages          = "027702",
      doi            = "10.1103/PhysRevD.68.027702",
      year           = "2003",
%      eprint         = "astro-ph/0304281",
      archivePrefix  = "arXiv",
      primaryClass   = "astro-ph",
      SLACcitation   = "%%CITATION = ASTRO-PH/0304281;%%",
}

@article{Hamann:2011ge,
      author         = "Hamann, Jan and Hannestad, Steen and Raffelt, Georg G.
                        and Wong, Yvonne Y.Y.",
      title          = "{Sterile neutrinos with eV masses in cosmology: How
                        disfavoured exactly?}",
      journal        = "JCAP",
      volume         = "1109",
      pages          = "034",
      doi            = "10.1088/1475-7516/2011/09/034",
      year           = "2011",
%      eprint         = "1108.4136",
      archivePrefix  = "arXiv",
      primaryClass   = "astro-ph.CO",
      reportNumber   = "MPP-2011-100, TTK-11-29",
      SLACcitation   = "%%CITATION = ARXIV:1108.4136;%%",
}

@article{PhysRevLett.107.091801,
  title = {Are There Sterile Neutrinos at the eV Scale?},
  author = {Kopp, Joachim and Maltoni, Michele and Schwetz, Thomas},
  journal = {Phys. Rev. Lett.},
  volume = {107},
  issue = {9},
  pages = {091801},
  numpages = {5},
  year = {2011},
  month = {Aug},
  publisher = {American Physical Society},
  doi = {10.1103/PhysRevLett.107.091801},
  url = {http://link.aps.org/doi/10.1103/PhysRevLett.107.091801}
}

@article{Georgi:1989gp,
  title = {New realization of chiral symmetry},
  author = {Georgi, Howard},
  journal = {Phys. Rev. Lett.},
  volume = {63},
  issue = {18},
  pages = {1917--1919},
  numpages = {0},
  year = {1989},
  month = {Oct},
  publisher = {American Physical Society},
  doi = {10.1103/PhysRevLett.63.1917},
%  url = {http://link.aps.org/doi/10.1103/PhysRevLett.63.1917}
}


@article{Wantz:2009it,
      author         = "Wantz, Olivier and Shellard, E.P.S.",
      title          = "{Axion Cosmology Revisited}",
      journal        = "Phys.Rev.",
      volume         = "D82",
      pages          = "123508",
      doi            = "10.1103/PhysRevD.82.123508",
      year           = "2010",
%      eprint         = "0910.1066",
      archivePrefix  = "arXiv",
      primaryClass   = "astro-ph.CO",
      SLACcitation   = "%%CITATION = ARXIV:0910.1066;%%",
}

@article{ErasOfUniverse,
      author         = "Rafelski, Johann and Birrell, Jeremey",
      title          = "{Traveling Through the Universe: Back in Time to the
                        Quark-Gluon Plasma Era}",
      year           = "arXiv:1311.0075[nucl-th], 2013",
      eprint         = "1311.0075",
      archivePrefix  = "arXiv",
      primaryClass   = "nucl-th",
      SLACcitation   = "%%CITATION = ARXIV:1311.0075;%%",
}

@book{weinberg1972gravitation,
  title={Gravitation and cosmology: principles and applications of the general theory of relativity},
  author={Weinberg, S.},
  isbn={9780471925675},
  lccn={78037175},
  url={https://books.google.com/books?id=c5fvAAAAMAAJ},
  year={1972},
  publisher={Wiley}
}


@article{Weinberg:2013kea,
      author         = "Weinberg, Steven",
      title          = "{Goldstone Bosons as Fractional Cosmic Neutrinos}",
      journal        = "Phys.Rev.Lett.",
      number         = "24",
      volume         = "110",
      pages          = "241301",
      doi            = "10.1103/PhysRevLett.110.241301",
      year           = "2013",
%      eprint         = "1305.1971",
      archivePrefix  = "arXiv",
      primaryClass   = "astro-ph.CO",
      reportNumber   = "UTTG-09-13, TCC-0006-13",
      SLACcitation   = "%%CITATION = ARXIV:1305.1971;%%",
}

%@article{PhysRevD.85.065027,
%  title = {Gravitino cosmology with a very light neutralino},
%  author = {Dreiner, Herbi K. and Hanussek, Marja and Kim, Jong Soo and Sarkar, Subir},
%  journal = {Phys. Rev. D},
%  volume = {85},
%  issue = {6},
%  pages = {065027},
%  numpages = {9},
%  year = {2012},
%  month = {Mar},
%  publisher = {American Physical Society},
%  doi = {10.1103/PhysRevD.85.065027},
%  url = {http://link.aps.org/doi/10.1103/PhysRevD.85.065027}
%}


@article{Ryu:2015vwa,
      author         = "Ryu, S. and Paquet, J. -F. and Shen, C. and Denicol, G.
                        S. and Schenke, B. and Jeon, S. and Gale, C.",
      title          = "{Importance of the Bulk Viscosity of QCD in
                        Ultrarelativistic Heavy-Ion Collisions}",
      journal        = "Phys. Rev. Lett.",
      volume         = "115",
      year           = "2015",
      number         = "13",
      pages          = "132301",
      doi            = "10.1103/PhysRevLett.115.132301",
      eprint         = "1502.01675",
      archivePrefix  = "arXiv",
      primaryClass   = "nucl-th",
      SLACcitation   = "%%CITATION = ARXIV:1502.01675;%%"
}

@article{Dreiner:2011fp,
      author         = "Dreiner, Herbi K. and Hanussek, Marja and Kim, Jong Soo
                        and Sarkar, Subir",
      title          = "{Gravitino cosmology with a very light neutralino}",
      journal        = "Phys.Rev.",
      volume         = "D85",
      pages          = "065027",
      numpages       = {9},
      year           = {2012},
      month          = {Mar},
      publisher      = {American Physical Society},
      doi            = "10.1103/PhysRevD.85.065027",
%      url            = {http://link.aps.org/doi/10.1103/PhysRevD.85.065027}
      year           = "2012",
%      eprint         = "1111.5715",
      archivePrefix  = "arXiv",
      primaryClass   = "hep-ph",
      reportNumber   = "DO-TH-10-23, ADP-11-36-T758",
      SLACcitation   = "%%CITATION = ARXIV:1111.5715;%%",
}

@article{Birrell:2014uka,
      author         = "Birrell, Jeremiah and Yang, Cheng-Tao and Rafelski,
                        Johann",
      title          = "{Relic Neutrino Freeze-out: Dependence on Natural
                        Constants}",
      year           = "2014",
      eprint         = "1406.1759",
      archivePrefix  = "arXiv",
      primaryClass   = "nucl-th",
      SLACcitation   = "%%CITATION = ARXIV:1406.1759;%%",
}

@phdthesis{Birrell:2014ona,
      author         = "Birrell, Jeremiah",
      title          = "{Non-Equilibrium Aspects of Relic Neutrinos: From
                        Freeze-out to the Present Day}",
      school         = "Arizona U.",
      year           = "2014",
      url            = "http://inspirehep.net/record/1317200/files/arXiv:1409.4500.pdf",
      eprint         = "1409.4500",
      archivePrefix  = "arXiv",
      primaryClass   = "nucl-th",
      SLACcitation   = "%%CITATION = ARXIV:1409.4500;%%"
}

@article{Birrell_orthopoly,
title = "Boltzmann equation solver adapted to emergent chemical non-equilibrium ",
journal = "Journal of Computational Physics ",
volume = "281",
number = "",
pages = "896 - 916",
year = "2015",
note = "",
issn = "0021-9991",
doi = "http://dx.doi.org/10.1016/j.jcp.2014.10.056",
url = "http://www.sciencedirect.com/science/article/pii/S002199911400744X",
author = "Jeremiah Birrell and Jon Wilkening and Johann Rafelski",
keywords = "Relativistic Boltzmann equation",
keywords = "Chemical non-equilibrium",
keywords = "Orthogonal polynomial spectral method "
}



@book{choquet2008general,
  title={General Relativity and the Einstein Equations},
  author={Choquet-Bruhat, Y.},
  isbn={9780191578854},
  series={Oxford Mathematical Monographs},
  url={https://books.google.com/books?id=UjHbm5rfpi8C},
  year={2008},
  publisher={OUP Oxford}
}


@article{Birrell:2013_2,
      author         = "Birrell, Jeremiah and Yang, Cheng-Tao and Chen, Pisin and
                        Rafelski, Johann",
      title          = "{Relic neutrinos: Physically consistent treatment of
                        effective number of neutrinos and neutrino mass}",
      journal        = "Phys.Rev.",
      volume         = "D89",
      pages          = "023008",
      doi            = "10.1103/PhysRevD.89.023008",
      year           = "January 2014",
%      eprint         = "1212.6943",
      archivePrefix  = "arXiv",
      primaryClass   = "astro-ph.CO",
      SLACcitation   = "%%CITATION = ARXIV:1212.6943;%%",
}

@article{Blennow:2012de,
      author         = "Blennow, Mattias and Fernandez-Martinez, Enrique and
                        Mena, Olga and Redondo, Javier and Serra, Paolo",
      title          = "{Asymmetric Dark Matter and Dark Radiation}",
      journal        = "JCAP",
      volume         = "1207",
      pages          = "022",
      doi            = "10.1088/1475-7516/2012/07/022",
      year           = "2012",
%      eprint         = "1203.5803",
      archivePrefix  = "arXiv",
      primaryClass   = "hep-ph",
      reportNumber   = "CERN-PH-TH-2012-070, MPP-2012-56",
      SLACcitation   = "%%CITATION = ARXIV:1203.5803;%%",
}

@article{Joudaki:2012uk,
      author         = "Joudaki, Shahab and Abazajian, Kevork N. and Kaplinghat,
                        Manoj",
      title          = "{Are Light Sterile Neutrinos Preferred or Disfavored by
                        Cosmology?}",
      journal        = "Phys.Rev.",
      number         = "6",
      volume         = "D87",
      pages          = "065003",
      doi            = "10.1103/PhysRevD.87.065003",
      year           = "2013",
%      eprint         = "1208.4354",
      archivePrefix  = "arXiv",
      primaryClass   = "astro-ph.CO",
      SLACcitation   = "%%CITATION = ARXIV:1208.4354;%%",
}

@article{Peccei:2006as,
      author         = "Peccei, R.D.",
      title          = "{The Strong CP problem and axions}",
      journal        = "Lect.Notes Phys.",
      volume         = "741",
      pages          = "3-17",
      doi            = "10.1007/978-3-540-73518-2_1",
      year           = "2008",
%      eprint         = "hep-ph/0607268",
      archivePrefix  = "arXiv",
      primaryClass   = "hep-ph",
      SLACcitation   = "%%CITATION = HEP-PH/0607268;%%",
}

@article{Kopp:2013vaa,
      author         = "Kopp, Joachim and Machado, Pedro A. N. and Maltoni,
                        Michele and Schwetz, Thomas",
      title          = "{Sterile Neutrino Oscillations: The Global Picture}",
      journal        = "JHEP",
      volume         = "1305",
      pages          = "050",
      doi            = "10.1007/JHEP05(2013)050",
      year           = "2013",
%      eprint         = "1303.3011",
      archivePrefix  = "arXiv",
      primaryClass   = "hep-ph",
      reportNumber   = "IFT-UAM-CSIC-13-026",
      SLACcitation   = "%%CITATION = ARXIV:1303.3011;%%",
}

@article{Bazavov:2009zn,
  author ="Bazavov, A. and others",
  title = {Equation of state and QCD transition at finite temperature},
  journal = {Phys. Rev. D},
  volume = {80},
  issue = {1},
  pages = {014504},
  numpages = {24},
  year = {2009},
  month = {Jul},
  publisher = {American Physical Society},
  doi = {10.1103/PhysRevD.80.014504},
%  url = {http://link.aps.org/doi/10.1103/PhysRevD.80.014504}
}

@article{Borsanyi:2012rr,
      author         = "Borsanyi, Szabolcs",
      title          = "{Thermodynamics of the QCD transition from lattice}",
      journal        = "Nucl.Phys.",
      volume         = "A904-905",
      pages          = "270c-277c",
      doi            = "10.1016/j.nuclphysa.2013.01.072",
      year           = "2013",
%      eprint         = "1210.6901",
      archivePrefix  = "arXiv",
      primaryClass   = "hep-lat",
      SLACcitation   = "%%CITATION = ARXIV:1210.6901;%%",
}

@article{Bazavov:2011nk,
      author         = "Bazavov, A. and Bhattacharya, T. and Cheng, M. and DeTar,
                        C. and Ding, H.T. and others",
      title          = "{The chiral and deconfinement aspects of the QCD
                        transition}",
      journal        = "Phys.Rev.",
      volume         = "D85",
      pages          = "054503",
      doi            = "10.1103/PhysRevD.85.054503",
      year           = "2012",
%      eprint         = "1111.1710",
      archivePrefix  = "arXiv",
      primaryClass   = "hep-lat",
      SLACcitation   = "%%CITATION = ARXIV:1111.1710;%%",
}

@article{Letessier:2005qe,
      author         = "Letessier, Jean and Rafelski, Johann",
      title          = "{Hadron production and phase changes in relativistic
                        heavy ion collisions}",
      journal        = "Eur.Phys.J.",
      volume         = "A35",
      pages          = "221-242",
      doi            = "10.1140/epja/i2007-10546-7",
      year           = "2008",
%      eprint         = "nucl-th/0504028",
      archivePrefix  = "arXiv",
      primaryClass   = "nucl-th",
      reportNumber   = "CERN-PH-TH-2005-060",
      SLACcitation   = "%%CITATION = NUCL-TH/0504028;%%",
}

@article{Ollitrault:1992bk,
      author         = "Ollitrault, Jean-Yves",
      title          = "{Anisotropy as a signature of transverse collective
                        flow}",
      journal        = "Phys.Rev.",
      volume         = "D46",
      pages          = "229-245",
      doi            = "10.1103/PhysRevD.46.229",
      year           = "1992",
      reportNumber   = "SACLAY-SPH-T-92-016",
      SLACcitation   = "%%CITATION = PHRVA,D46,229;%%",
}

@article{Petran:2013lja,
      author         = "Petran, Michal and Letessier, Jean and Petráček,
                        Vojtěch and Rafelski, Johann",
      title          = "{Hadron production and quark-gluon plasma hadronization
                        in Pb-Pb collisions at $\sqrt{s_{NN}}=2.76$ TeV}",
      journal        = "Phys.Rev.",
      number         = "3",
      volume         = "C88",
      pages          = "034907",
      doi            = "10.1103/PhysRevC.88.034907",
      year           = "2013",
%      eprint         = "1303.2098",
      archivePrefix  = "arXiv",
      primaryClass   = "hep-ph",
      reportNumber   = "CERN-PH-TH-2012-262",
      SLACcitation   = "%%CITATION = ARXIV:1303.2098;%%",
}

@article{Fromerth:2002wb,
      author         = "Fromerth, Michael J. and Rafelski, Johann",
      title          = "{Hadronization of the quark Universe}",
      year           = "2002",
      eprint         = "astro-ph/0211346",
      archivePrefix  = "arXiv",
      primaryClass   = "astro-ph",
      SLACcitation   = "%%CITATION = ASTRO-PH/0211346;%%",
}
@article{Voloshin:1994mz,
      author         = "Voloshin, S. and Zhang, Y.",
      title          = "{Flow study in relativistic nuclear collisions by Fourier
                        expansion of Azimuthal particle distributions}",
      journal        = "Z.Phys.",
      volume         = "C70",
      pages          = "665-672",
      doi            = "10.1007/s002880050141",
      year           = "1996",
%      eprint         = "hep-ph/9407282",
      archivePrefix  = "arXiv",
      primaryClass   = "hep-ph",
      SLACcitation   = "%%CITATION = HEP-PH/9407282;%%",
}

