@article{KamLAND:2002uet,
    author = "Eguchi, K. and others",
    collaboration = "KamLAND",
    title = "{First results from KamLAND: Evidence for reactor anti-neutrino disappearance}",
    eprint = "hep-ex/0212021",
    archivePrefix = "arXiv",
    doi = "10.1103/PhysRevLett.90.021802",
    journal = "Phys. Rev. Lett.",
    volume = "90",
    pages = "021802",
    year = "2003"
}
@article{Fogli:2005cq,
    author = "Fogli, G. L. and Lisi, E. and Marrone, A. and Palazzo, A.",
    title = "{Global analysis of three-flavor neutrino masses and mixings}",
    eprint = "hep-ph/0506083",
    archivePrefix = "arXiv",
    doi = "10.1016/j.ppnp.2005.08.002",
    journal = "Prog. Part. Nucl. Phys.",
    volume = "57",
    pages = "742--795",
    year = "2006"
}
@article{SuperKamiokande:1998kpq,
    author = "Fukuda, Y. and others",
    collaboration = "Super-Kamiokande",
    title = "{Evidence for oscillation of atmospheric neutrinos}",
    eprint = "hep-ex/9807003",
    archivePrefix = "arXiv",
    reportNumber = "BU-98-17, ICRR-REPORT-422-98-18, UCI-98-8, KEK-PREPRINT-98-95, LSU-HEPA-5-98, UMD-98-003, SBHEP-98-5, TKU-PAP-98-06, TIT-HPE-98-09",
    doi = "10.1103/PhysRevLett.81.1562",
    journal = "Phys. Rev. Lett.",
    volume = "81",
    pages = "1562--1567",
    year = "1998"
}
@article{King:2013eh,
    author = "King, Stephen F. and Luhn, Christoph",
    title = "{Neutrino Mass and Mixing with Discrete Symmetry}",
    eprint = "1301.1340",
    archivePrefix = "arXiv",
    primaryClass = "hep-ph",
    reportNumber = "IPPP-12-100, DCPT-12-200",
    doi = "10.1088/0034-4885/76/5/056201",
    journal = "Rept. Prog. Phys.",
    volume = "76",
    pages = "056201",
    year = "2013"
}
@article{FernandezMartinez:2016lgt,
    author = "Fernandez-Martinez, Enrique and Hernandez-Garcia, Josu and Lopez-Pavon, Jacobo",
    title = "{Global constraints on heavy neutrino mixing}",
    eprint = "1605.08774",
    archivePrefix = "arXiv",
    primaryClass = "hep-ph",
    doi = "10.1007/JHEP08(2016)033",
    journal = "JHEP",
    volume = "08",
    pages = "033",
    year = "2016"
}
@article{Pascoli:2006ci,
    author = "Pascoli, S. and Petcov, S. T. and Riotto, Antonio",
    title = "{Leptogenesis and Low Energy CP Violation in Neutrino Physics}",
    eprint = "hep-ph/0611338",
    archivePrefix = "arXiv",
    reportNumber = "DCPT-06-166, CERN-PH-TH-2006-213, IPPP-06-83, SISSA-71-2006-EP",
    doi = "10.1016/j.nuclphysb.2007.02.019",
    journal = "Nucl. Phys. B",
    volume = "774",
    pages = "1--52",
    year = "2007"
}
@book{schwartz2014quantum,
  title={Quantum field theory and the standard model},
  author={Schwartz, Matthew D},
  year={2014},
  publisher={Cambridge university press}
}
@article{Fritzsch:2015gxa,
    author = "Fritzsch, Harald",
    title = "{Neutrino Masses and Flavor Mixing}",
    eprint = "1503.01857",
    archivePrefix = "arXiv",
    primaryClass = "hep-ph",
    doi = "10.1142/S0217732315300128",
    journal = "Mod. Phys. Lett. A",
    volume = "30",
    number = "16",
    pages = "1530012",
    year = "2015"
}
@article{Fritzsch:1999ee,
    author = "Fritzsch, Harald and Xing, Zhi-zhong",
    title = "{Mass and flavor mixing schemes of quarks and leptons}",
    eprint = "hep-ph/9912358",
    archivePrefix = "arXiv",
    reportNumber = "LMU-99-16",
    doi = "10.1016/S0146-6410(00)00102-2",
    journal = "Prog. Part. Nucl. Phys.",
    volume = "45",
    pages = "1--81",
    year = "2000"
}
@book{giunti2007fundamentals,
  title={Fundamentals of neutrino physics and astrophysics},
  author={Giunti, Carlo and Kim, Chung W},
  year={2007},
  publisher={Oxford university press}
}
@article{Casas:2001sr,
    author = "Casas, J. A. and Ibarra, A.",
    title = "{Oscillating neutrinos and $\mu \to e, \gamma$}",
    eprint = "hep-ph/0103065",
    archivePrefix = "arXiv",
    reportNumber = "IEM-FT-211-01, OUTP-01-11P, IFT-UAM-CSIC-01-08",
    doi = "10.1016/S0550-3213(01)00475-8",
    journal = "Nucl. Phys. B",
    volume = "618",
    pages = "171--204",
    year = "2001"
}
@article{Arkani-Hamed:1998wuz,
    author = "Arkani-Hamed, Nima and Dimopoulos, Savas and Dvali, G. R. and March-Russell, John",
    title = "{Neutrino masses from large extra dimensions}",
    eprint = "hep-ph/9811448",
    archivePrefix = "arXiv",
    reportNumber = "SLAC-PUB-8014, SU-ITP-98-64",
    doi = "10.1103/PhysRevD.65.024032",
    journal = "Phys. Rev. D",
    volume = "65",
    pages = "024032",
    year = "2001"
}
@article{Ellis:1999my,
    author = "Ellis, John R. and Lola, Smaragda",
    title = "{Can neutrinos be degenerate in mass?}",
    eprint = "hep-ph/9904279",
    archivePrefix = "arXiv",
    reportNumber = "CERN-TH-99-87",
    doi = "10.1016/S0370-2693(99)00545-6",
    journal = "Phys. Lett. B",
    volume = "458",
    pages = "310--321",
    year = "1999"
}
@article{Avignone:2007fu,
    author = "Avignone, III, Frank T. and Elliott, Steven R. and Engel, Jonathan",
    title = "{Double Beta Decay, Majorana Neutrinos, and Neutrino Mass}",
    eprint = "0708.1033",
    archivePrefix = "arXiv",
    primaryClass = "nucl-ex",
    reportNumber = "LA-UR-07-3577",
    doi = "10.1103/RevModPhys.80.481",
    journal = "Rev. Mod. Phys.",
    volume = "80",
    pages = "481--516",
    year = "2008"
}
@article{Esteban:2020cvm,
    author = "Esteban, Ivan and Gonzalez-Garcia, M. C. and Maltoni, Michele and Schwetz, Thomas and Zhou, Albert",
    title = "{The fate of hints: updated global analysis of three-flavor neutrino oscillations}",
    eprint = "2007.14792",
    archivePrefix = "arXiv",
    primaryClass = "hep-ph",
    reportNumber = "IFT-UAM/CSIC-112, YITP-SB-2020-21",
    doi = "10.1007/JHEP09(2020)178",
    journal = "JHEP",
    volume = "09",
    pages = "178",
    year = "2020"
}
@unpublished{DUNE:2020ypp,
    author = "Abi, Babak and others",
    collaboration = "DUNE",
    title = "{Deep Underground Neutrino Experiment (DUNE), Far Detector Technical Design Report, Volume II: DUNE Physics}",
    eprint = "2002.03005",
    archivePrefix = "arXiv",
    primaryClass = "hep-ex",
    reportNumber = "FERMILAB-PUB-20-025-ND, FERMILAB-DESIGN-2020-02",
    month = "2",
    year = "2020"
}
@article{NuSTEC:2017hzk,
    author = "Alvarez-Ruso, L. and others",
    collaboration = "NuSTEC",
    title = "{NuSTEC White Paper: Status and challenges of neutrino\textendash{}nucleus scattering}",
    eprint = "1706.03621",
    archivePrefix = "arXiv",
    primaryClass = "hep-ph",
    reportNumber = "FERMILAB-PUB-17-195-ND-T, INT-PUB-17-020",
    doi = "10.1016/j.ppnp.2018.01.006",
    journal = "Prog. Part. Nucl. Phys.",
    volume = "100",
    pages = "1--68",
    year = "2018"
}
@article{Rafelski:2017hce,
    author = "Rafelski, Johann and Formanek, Martin and Steinmetz, Andrew",
    title = "{Relativistic Dynamics of Point Magnetic Moment}",
    eprint = "1712.01825",
    archivePrefix = "arXiv",
    primaryClass = "physics.class-ph",
    doi = "10.1140/epjc/s10052-017-5493-2",
    journal = "Eur. Phys. J. C",
    volume = "78",
    number = "1",
    pages = "6",
    year = "2018"
}
@article{Formanek:2021mcp,
    author = "Formanek, Martin and Steinmetz, Andrew and Rafelski, Johann",
    title = "{Motion of classical charged particles with magnetic moment in external plane-wave electromagnetic fields}",
    eprint = "2103.02594",
    archivePrefix = "arXiv",
    primaryClass = "physics.class-ph",
    doi = "10.1103/PhysRevA.103.052218",
    journal = "Phys. Rev. A",
    volume = "103",
    number = "5",
    pages = "052218",
    year = "2021"
}
@article{Formanek:2020zwc,
    author = "Formanek, Martin and Steinmetz, Andrew and Rafelski, Johann",
    title = "{Radiation reaction friction: Resistive material medium}",
    eprint = "2004.09634",
    archivePrefix = "arXiv",
    primaryClass = "hep-ph",
    doi = "10.1103/PhysRevD.102.056015",
    journal = "Phys. Rev. D",
    volume = "102",
    number = "5",
    pages = "056015",
    year = "2020"
}